<?xml version="1.0" encoding="UTF-8"?><collection xmlns="http://www.loc.gov/MARC21/slim"><record><leader>00557nam--2200169-u-4500</leader><controlfield tag="001">000054715</controlfield><controlfield tag="002">20161230</controlfield><controlfield tag="005">20161230201051</controlfield><controlfield tag="008">120524s1000------------r-----000-0-eng-d</controlfield><datafield ind1=" " ind2=" " tag="040"><subfield code="a">IFIN-HH</subfield></datafield><datafield ind1=" " ind2=" " tag="080"><subfield code="a">015:539.163.2:536.815</subfield></datafield><datafield ind1="1" ind2=" " tag="100"><subfield code="a">Vary, James Patrick</subfield></datafield><datafield ind1="1" ind2="0" tag="245"><subfield code="a">Approximate treatment of correlations in nuclear spectroscopy: applications to the lead region</subfield><subfield code="b">Dissertation</subfield><subfield code="c">James patrick</subfield><subfield code="h">Vary</subfield></datafield><datafield ind1=" " ind2=" " tag="260"><subfield code="a">An Arbor, Michigan</subfield><subfield code="b">University Microfilms</subfield><subfield code="c">1970</subfield></datafield><datafield ind1=" " ind2=" " tag="300"><subfield code="a">100P.+ANEXES</subfield></datafield><datafield ind1=" " ind2=" " tag="852"><subfield code="a">37877</subfield><subfield code="c">539.163.2</subfield></datafield><datafield ind1=" " ind2=" " tag="CAT"><subfield code="a">Sys</subfield><subfield code="c">20120524</subfield><subfield code="h">142429</subfield></datafield></record></collection>